<?xml version="1.0" encoding="UTF-8"?><collection xmlns="http://www.loc.gov/MARC21/slim"><record><leader>00520nam--2200193-i-4500</leader><controlfield tag="001">000005357</controlfield><controlfield tag="002">20161230</controlfield><controlfield tag="005">20161230201026</controlfield><controlfield tag="008">060222s1000------------r-----000-0-fre-d</controlfield><datafield ind1=" " ind2=" " tag="040"><subfield code="a">IFIN-HH</subfield></datafield><datafield ind1=" " ind2=" " tag="041"><subfield code="a">fre</subfield></datafield><datafield ind1=" " ind2=" " tag="080"><subfield code="a">519.21</subfield></datafield><datafield ind1="1" ind2=" " tag="110"><subfield code="a">Centre National de la Recherche Scintifique</subfield></datafield><datafield ind1="1" ind2="0" tag="245"><subfield code="a">Le calcul des probabilites et ses applications</subfield></datafield><datafield ind1=" " ind2=" " tag="260"><subfield code="a">Paris, Cnrs , 1959</subfield></datafield><datafield ind1=" " ind2=" " tag="300"><subfield code="a">196 p</subfield></datafield><datafield ind1=" " ind2=" " tag="490"><subfield code="a">Colloques Internationaux Du Cnrs</subfield><subfield code="v">vol.87</subfield></datafield><datafield ind1=" " ind2=" " tag="852"><subfield code="a">12840</subfield><subfield code="c">519.2</subfield></datafield><datafield ind1=" " ind2=" " tag="CAT"><subfield code="a">Sys</subfield><subfield code="c">20100517</subfield><subfield code="h">140244</subfield></datafield></record></collection>